@Comment{$ biblatex control file $}
@Comment{$ biblatex version 2.3 $}
Do not modify this file!

This is an auxiliary file used by the 'biblatex' package.
This file may safely be deleted. It will be recreated as
required.

@Control{biblatex-control,
  options = {2.3:0:0:1:0:0:1:1:0:1:0:0:12:1:3:1:79:+},
}
